
@article{Ye_Tian_2019,
    title={Revisit Division Property Based Cube Attacks: Key-Recovery or Distinguishing Attacks?},
    volume={2019},
    url={https://tosc.iacr.org/index.php/ToSC/article/view/8358},
    DOI={10.13154/tosc.v2019.i3.81-102},
    number={3},
    journal={IACR Transactions on Symmetric Cryptology},
    author={Ye, Chen-Dong and Tian, Tian},
    year={2019},
    month={Sep.},
    pages={81-102}
}
@book{Lai1994Higher,
  title={Higher Order Derivatives and Differential Cryptanalysis},
  author={Lai, Xuejia},
  year={1994},
}
@article{vielhaber2007breaking,
  title={Breaking ONE. FIVIUM by AIDA an Algebraic IV Differential Attack.},
  author={Vielhaber, Michael},
  journal={IACR Cryptology ePrint Archive},
  volume={2007},
  pages={413},
  year={2007}
}
@misc{cryptoeprint:2018:1186,
    author = {Senpeng Wang and Bin Hu and Jie Guan and Kai Zhang and Tairong Shi},
    title = {MILP Method of Searching Integral Distinguishers Based on Division Property Using Three Subsets},
    howpublished = {Cryptology ePrint Archive, Report 2018/1186},
    year = {2018},
    note = {\url{https://eprint.iacr.org/2018/1186}},
}

@misc{cryptoeprint:2019:259,
    author = {SenPeng Wang and Bin Hu and Jie Guan and Kai Zhang and TaiRong Shi},
    title = {A Practical Method to Recover Exact Superpoly in Cube Attack},
    howpublished = {Cryptology ePrint Archive, Report 2019/259},
    year = {2019},
    note = {\url{https://eprint.iacr.org/2019/259}},
}

@misc{cryptoeprint:2018:972,
    author = {Yonglin Hao and Lin Jiao and Chaoyun Li and Willi Meier and Yosuke Todo and Qingju Wang},
    title = {Observations on the Dynamic Cube Attack of 855-Round {TRIVIUM} from {Crypto'18}},
    howpublished = {Cryptology ePrint Archive, Report 2018/972},
    year = {2018},
    note = {\url{https://eprint.iacr.org/2018/972}},
}
@misc{cryptoeprint:2018:999,
    author = {Ximing Fu and Xiaoyun Wang and Xiaoyang Dong and Willi Meier and Yonglin Hao and Boxin Zhao},
    title = {A Refinement of ``A Key-recovery Attack on 855-round {Trivium}" From CRYPTO 2018},
    howpublished = {Cryptology ePrint Archive, Report 2018/999},
    year = {2018},
    note = {\url{https://eprint.iacr.org/2018/999}},
}

@article{DBLP:journals/entropy/GhafariH18,
  author    = {Vahid Amin Ghafari and Honggang Hu},
  title     = {Fruit-80: {A} Secure Ultra-Lightweight Stream Cipher for Constrained
  Environments},
  journal   = {Entropy},
  volume    = {20},
  number    = {3},
  pages     = {180},
  year      = {2018},
  url       = {https://doi.org/10.3390/e20030180},
  doi       = {10.3390/e20030180},
  timestamp = {Tue, 14 Aug 2018 12:19:19 +0200},
  biburl    = {https://dblp.org/rec/bib/journals/entropy/GhafariH18},
  bibsource = {dblp computer science bibliography, https://dblp.org}
}

@article{fruit_v2,
  author    = {Vahid Amin Ghafari, Honggang Hu, Ying Chen},
  title     = {Fruit-v2: Ultra-Lightweight Stream Cipher with Shorter Internal State},
  journal   = {{IACR} Cryptology ePrint Archive},
  volume    = {2016},
  pages     = {355},
  year      = {2016},
  url       = {http://eprint.iacr.org/2016/355},
  timestamp = {Tue, 14 Aug 2018 17:08:12 +0200},
  biburl    = {https://dblp.org/rec/bib/journals/iacr/AminghafariH16},
  bibsource = {dblp computer science bibliography, https://dblp.org}
}

@INPROCEEDINGS{Babbage1995,
  author={S. H. {Babbage}},
  booktitle={European Convention on Security and Detection, 1995.},
  title={Improved ``exhaustive search'' attacks on stream ciphers},
  year={1995},
  volume={},
  number={},
  pages={161-166},
  keywords={cryptography;search problems;computational complexity;exhaustive search attacks;stream ciphers;keystream generator states;complexity;storage;entropy;Cryptography;Search methods;Complexity theory},
  doi={10.1049/cp:19950490},
  ISSN={0537-9989},
  month={May}
}

@article{DBLP:journals/ccds/HamannK18,
  author    = {Matthias Hamann and
               Matthias Krause},
  title     = {On stream ciphers with provable beyond-the-birthday-bound security
               against time-memory-data tradeoff attacks},
  journal   = {Cryptography and Communications},
  volume    = {10},
  number    = {5},
  pages     = {959--1012},
  year      = {2018},
  url       = {https://doi.org/10.1007/s12095-018-0294-5},
  doi       = {10.1007/s12095-018-0294-5},
  timestamp = {Fri, 01 Jun 2018 10:15:08 +0200},
  biburl    = {https://dblp.org/rec/bib/journals/ccds/HamannK18},
  bibsource = {dblp computer science bibliography, https://dblp.org}
}

@inproceedings{Lai94,
  author    = {Xuejia Lai},
  title     = {Higher Order Derivatives and Differential Cryptanalysis},
  booktitle = {Communications and Cryptography},
  pages     = {227-233},
  series    = {The Springer International Series in Engineering and Computer Science},
  volume    = {276},
  publisher = {Springer},
  year      = {1994},
}

@misc{estream,
  title = {{eSTREAM}: the {ECRYPT} Stream Cipher Project},
  year = {2008},
  url = {http://www.ecrypt.eu.org/stream/}
}

@misc{caesar,
  title = {{CAESAR}: Competition for Authenticated Encryption: Security, Applicability, and Robustness},
  year = {2014},
  url = {https://competitions.cr.yp.to/caesar.html}
}
@misc{acorn,
  author = {Hongjun Wu},
  title = {ACORN v3},
  note = {Submission to {CAESAR} competition},
  year = {2016},
  url={https://competitions.cr.yp.to/round3/
acornv3.pdf}
}


@article{ToSC2020:DynamicCube,
  author    = "Yonglin Hao and Lin Jiao and Chaoyun Li and Willi Meier and Yosuke Todo and Qingju Wang",
title =        "Links between Division Property and Other Cube Attack Variants",
  pages =        "(accepted to appear)",
  volume =       2020,
  publisher =    toscpub,
  year =         2020,
  journal =      tosc,
  number =       1,
  doi =          "to appear",
  issn =         toscissn,
}




























@inproceedings{Matsui93,
  author    = {Mitsuru Matsui},
  title     = {Linear Cryptanalysis Method for {DES} Cipher},
  booktitle = {EUROCRYPT '93},
  pages     = {386--397},
  year      = {1993},
  editor    = {Tor Helleseth},
  series    = {LNCS},
  volume    = {765},
  publisher = {Springer},
}



@article{Siegenthaler84,
  author    = {Thomas Siegenthaler},
  title     = {Correlation-immunity of nonlinear combining functions for cryptographic applications},
  journal   = {{IEEE} Trans. Information Theory},
  volume    = {30},
  number    = {5},
  pages     = {776--780},
  year      = {1984}
}

@article{MeierS89,
  author    = {Willi Meier and Othmar Staffelbach},
  title     = {Fast Correlation Attacks on Certain Stream Ciphers},
  journal   = {J. Cryptology},
  volume    = {1},
  number    = {3},
  pages     = {159--176},
  year      = {1989}
}

@inproceedings{ZengYR90,
  author    = {Kencheng Zeng and Chung{-}Huang Yang and T. R. N. Rao},
  title     = {An Improved Linear Syndrome Algorithm in Cryptanalysis With Applications},
  booktitle = {CRYPTO '90},
  pages     = {34--47},
  year      = {1990},
  editor    = {Alfred Menezes and Scott A. Vanstone},
  series    = {LNCS},
  volume    = {537},
  publisher = {Springer},
}

@inproceedings{MihaljevicG90,
  author    = {Miodrag J. Mihaljevic and Jovan Dj. Golic},
  title     = {A Fast Iterative Algorithm For A Shift Register Initial State Reconstruction Given The Nosiy Output Sequence},
  booktitle = {AUSCRYPT '90},
  pages     = {165--175},
  year      = {1990},
  editor    = {Jennifer Seberry and Josef Pieprzyk},
  series    = {LNCS},
  volume    = {453},
  publisher = {Springer},
}

@inproceedings{ChepyzhovS91,
  author    = {Vladimir V. Chepyzhov and Ben J. M. Smeets},
  title     = {On {A} Fast Correlation Attack on Certain Stream Ciphers},
  booktitle = {EUROCRYPT '91},
  pages     = {176--185},
  year      = {1991},
  editor    = {Donald W. Davies},
  series    = {LNCS},
  volume    = {547},
  publisher = {Springer}
}

@inproceedings{eurocrypt/JohanssonJ99,
  author    = {Thomas Johansson and Fredrik J{\"{o}}nsson},
  title     = {Improved Fast Correlation Attacks on Stream Ciphers via Convolutional Codes},
  booktitle = {EUROCRYPT '99},
  pages     = {347--362},
  year      = {1999},
  editor    = {Jacques Stern},
  series    = {LNCS},
  volume    = {1592},
  publisher = {Springer}
}

@inproceedings{crypto/JohanssonJ99,
  author    = {Thomas Johansson and Fredrik J{\"{o}}nsson},
  title     = {Fast Correlation Attacks Based on Turbo Code Techniques},
  booktitle = {CRYPTO '99},
  pages     = {181--197},
  year      = {1999},
  editor    = {Michael J. Wiener},
  series    = {LNCS},
  volume    = {1666},
  publisher = {Springer}
}

@inproceedings{CanteautT00,
  author    = {Anne Canteaut and Micha{\"{e}}l Trabbia},
  title     = {Improved Fast Correlation Attacks Using Parity-Check Equations of Weight 4 and 5},
  booktitle = {EUROCRYPT 2000},
  pages     = {573--588},
  editor    = {Bart Preneel},
  series    = {LNCS},
  volume    = {1807},
  publisher = {Springer},
  year      = {2000},
}




@inproceedings{ChepyzhovJS00,
  author    = {Vladimir V. Chepyzhov and Thomas Johansson and Ben J. M. Smeets},
  title     = {A Simple Algorithm for Fast Correlation Attacks on Stream Ciphers},
  booktitle = {FSE 2000},
  pages     = {181--195},
  year      = {2000},
  editor    = {Bruce Schneier},
  series    = {LNCS},
  volume    = {1978},
  publisher = {Springer}
}

@inproceedings{MihaljevicFI01,
  author    = {Miodrag J. Mihaljevic and Marc P. C. Fossorier and Hideki Imai},
  title     = {Fast Correlation Attack Algorithm with List Decoding and an Application},
  booktitle = {FSE 2001},
  pages     = {196--210},
  year      = {2001},
  editor    = {Mitsuru Matsui},
  series    = {LNCS},
  volume    = {2355},
  publisher = {Springer}
}

@inproceedings{ChoseJM02,
  author    = {Philippe Chose and Antoine Joux and Michel Mitton},
  title     = {Fast Correlation Attacks: An Algorithmic Point of View},
  booktitle = {EUROCRYPT 2002},
  pages     = {209--221},
  editor    = {Lars R. Knudsen},
  series    = {LNCS},
  volume    = {2332},
  publisher = {Springer},
  year      = {2002},
}

@inproceedings{ZhangF06,
  author    = {Bin Zhang and Dengguo Feng},
  title     = {Multi-pass Fast Correlation Attack on Stream Ciphers},
  booktitle = {SAC 2006},
  pages     = {234--248},
  year      = {2006},
  editor    = {Eli Biham and Amr M. Youssef},
  series    = {LNCS},
  volume    = {4356},
  publisher = {Springer}
}

@inproceedings{Wagner02,
  author    = {David A. Wagner},
  title     = {A Generalized Birthday Problem},
  booktitle = {CRYPTO 2002},
  pages     = {288--303},
  editor    = {Moti Yung},
  series    = {LNCS},
  volume    = {2442},
  publisher = {Springer},
  year      = {2002}
}




@inproceedings{BerbainGM06,
  author    = {C{\^{o}}me Berbain and Henri Gilbert and Alexander Maximov},
  title     = {Cryptanalysis of {Grain}},
  booktitle = {FSE 2006},
  pages     = {15--29},
  editor    = {Matthew J. B. Robshaw},
  series    = {LNCS},
  volume    = {4047},
  publisher = {Springer},
  year      = {2006},
}

@inproceedings{LeeLP08,
  author    = {Jung{-}Keun Lee and Dong Hoon Lee and Sangwoo Park},
  title     = {Cryptanalysis of {Sosemanuk} and {SNOW} 2.0 Using Linear Masks},
  booktitle = {ASIACRYPT 2008},
  pages     = {524--538},
  editor    = {Josef Pieprzyk},
  series    = {LNCS},
  volume    = {5350},
  publisher = {Springer},
  year      = {2008},
}

@inproceedings{ZhangXM15,
  author    = {Bin Zhang and Chao Xu and Willi Meier},
  title     = {Fast Correlation Attacks over Extension Fields, Large-Unit Linear Approximation and Cryptanalysis of {SNOW} 2.0},
  booktitle = {CRYPTO 2015, Part {I}},
  pages     = {643--662},
  editor    = {Rosario Gennaro and Matthew Robshaw},
  series    = {LNCS},
  volume    = {9215},
  publisher = {Springer},
  year      = {2015},
}



@inproceedings{ZhangLFL13,
  author    = {Bin Zhang and Zhenqi Li and Dengguo Feng and Dongdai Lin},
  title     = {Near Collision Attack on the {Grain} v1 Stream Cipher},
  booktitle = {FSE 2013},
  pages     = {518--538},
  year      = {2013},
  editor    = {Shiho Moriai},
  series    = {LNCS},
  volume    = {8424},
  publisher = {Springer},
}

@inproceedings{ZhangXM18,
  author    = {Bin Zhang and Chao Xu and Willi Meier},
  title     = {Fast Near Collision Attack on the {Grain} v1 Stream Cipher},
  booktitle = {EUROCRYPT 2018, Part {II}},
  pages     = {771--802},
  editor    = {Jesper Buus Nielsen and Vincent Rijmen},
  series    = {LNCS},
  volume    = {10821},
  publisher = {Springer},
  year      = {2018}
}



@inproceedings{DinurS09,
  author    = {Itai Dinur and Adi Shamir},
  title     = {Cube Attacks on Tweakable Black Box Polynomials},
  booktitle = {EUROCRYPT 2009},
  pages     = {278--299},
  editor    = {Antoine Joux},
  series    = {LNCS},
  volume    = {5479},
  publisher = {Springer},
  year      = {2009}
}

@inproceedings{DinurS11a,
  author    = {Itai Dinur and Adi Shamir},
  title     = {Breaking {Grain-128} with Dynamic Cube Attacks},
  booktitle = {FSE 2011},
  pages     = {167--187},
  editor    = {Antoine Joux},
  series    = {LNCS},
  volume    = {6733},
  publisher = {Springer},
  year      = {2011},
}

@inproceedings{DinurGPSZ11,
  author    = {Itai Dinur and Tim G{\"{u}}neysu and Christof Paar and Adi Shamir and Ralf Zimmermann},
  title     = {An Experimentally Verified Attack on Full {Grain-128} Using Dedicated Reconfigurable Hardware},
  booktitle = {ASIACRYPT 2011},
  pages     = {327--343},
  editor    = {Dong Hoon Lee and Xiaoyun Wang},
  series    = {LNCS},
  volume    = {7073},
  publisher = {Springer},
  year      = {2011}
}

@article{FuWC17,
  author    = {Ximing Fu and Xiaoyun Wang and Jiazhe Chen},
  title     = {Determining the Nonexistent Terms of Non-linear Multivariate Polynomials: How to Break {Grain-128} More Efficiently},
  journal   = {{IACR} Cryptology ePrint Archive},
  volume    = {2017},
  pages     = {412},
  year      = {2017},
  url       = {\url{http://eprint.iacr.org/2017/412}}
}



% attack for grain128a
@inproceedings{LehmannM12,
  author    = {Michael Lehmann and Willi Meier},
  title     = {Conditional Differential Cryptanalysis of {Grain-128a}},
  booktitle = {CANS 2012},
  pages     = {1--11},
  editor    = {Josef Pieprzyk and Ahmad{-}Reza Sadeghi and Mark Manulis},
  series    = {LNCS},
  volume    = {7712},
  publisher = {Springer},
  year      = {2012},
}

@inproceedings{TodoIHM17,
  author    = {Yosuke Todo and Takanori Isobe and Yonglin Hao and Willi Meier},
  title     = {Cube Attacks on Non-Blackbox Polynomials Based on Division Property},
  booktitle = {CRYPTO 2017, Part {III}},
  pages     = {250--279},
  editor    = {Jonathan Katz and Hovav Shacham},
  series    = {LNCS},
  volume    = {10403},
  publisher = {Springer},
  year      = {2017},
}






@inproceedings{MouhaWGP11,
  author    = {Nicky Mouha and Qingju Wang and Dawu Gu and Bart Preneel},
  title     = {Differential and Linear Cryptanalysis Using Mixed-Integer Linear Programming},
  booktitle = {Inscrypt 2011},
  pages     = {57--76},
  year      = {2011},
  editor    = {Chuankun Wu and Moti Yung and Dongdai Lin},
  series    = {LNCS},
  volume    = {7537},
  publisher = {Springer}
}

@inproceedings{SunHWQMS14,
  author    = {Siwei Sun and Lei Hu and Peng Wang and Kexin Qiao and Xiaoshuang Ma and Ling Song},
  title     = {Automatic Security Evaluation and (Related-key) Differential Characteristic Search: Application to {SIMON}, {PRESENT}, {LBlock}, {DES(L)} and Other Bit-Oriented Block Ciphers},
  booktitle = {ASIACRYPT 2014, Part {I}},
  pages     = {158--178},
  editor    = {Palash Sarkar and Tetsu Iwata},
  series    = {LNCS},
  volume    = {8873},
  publisher = {Springer},
  year      = {2014},
}




@misc{grainv0,
  author    = {Martin Hell and Thomas Johansson and Willi Meier},
  title     = {Grain - a stream cipher for constrained environments},
  publisher = {ECRYPT Stream Cipher Project Report 2005/001},
  year      = {2005},
  note      = {\url{http://www.ecrypt.eu.org/stream}}
}

@article{grainv1,
  author    = {Martin Hell and Thomas Johansson and Willi Meier},
  title     = {Grain: a stream cipher for constrained environments},
  journal   = {{IJWMC}},
  volume    = {2},
  number    = {1},
  pages     = {86--93},
  year      = {2007}
}

@inproceedings{grain128,
  author    = {Martin Hell and Thomas Johansson and Alexander Maximov and Willi Meier},
  title     = {A Stream Cipher Proposal: {Grain-128}},
  booktitle = {IEEE International Symposium on Information Theory (ISIT 2006),},
  pages     = {1614--1618},
  publisher = {IEEE},
  year      = {2006},
}


@article{grain128a,
  author    = {Martin {\AA}gren and Martin Hell and Thomas Johansson and Willi Meier},
  title     = {Grain-128a: a new version of {Grain-128} with optional authentication},
  journal   = {{IJWMC}},
  volume    = {5},
  number    = {1},
  pages     = {48--59},
  year      = {2011}
}

@misc{IsoIec29167,
  title = {{JTC1}: {ISO/IEC} 29167-13: Information technology -- Automatic identification and data capture techniques -- Part 13: Crypto suite {Grain-128A} security services for air interface communications},
  publisher = {ISO/IEC},
  author = {{ISO/IEC}},
  year = {2015},
}

@misc{estream,
  key = {eSTREAM},
  title = {the {ECRYPT} Stream Cipher Project},
  year = {2008},
  url = {\url{http://www.ecrypt.eu.org/stream/}}
}

@incollection{estream_final_grain,
  author    = {Martin Hell and Thomas Johansson and Alexander Maximov and Willi Meier},
  title     = {The Grain Family of Stream Ciphers},
  booktitle = {New Stream Cipher Designs - The {eSTREAM} Finalists},
  pages     = {179--190},
  editor    = {Matthew J. B. Robshaw and Olivier Billet},
  series    = {LNCS},
  volume    = {4986},
  publisher = {Springer},
  year      = {2008},
}

@article{quark,
  author    = {Jean{-}Philippe Aumasson and Luca Henzen and Willi Meier and Mar{\'{\i}}a Naya{-}Plasencia},
  title     = {Quark: {A} Lightweight Hash},
  journal   = {J. Cryptology},
  volume    = {26},
  number    = {2},
  pages     = {313--339},
  year      = {2013}
}

@inproceedings{sprout,
  author    = {Frederik Armknecht and Vasily Mikhalev},
  title     = {On Lightweight Stream Ciphers with Shorter Internal States},
  booktitle = {FSE 2015},
  pages     = {451--470},
  editor    = {Gregor Leander},
  series    = {LNCS},
  volume    = {9054},
  publisher = {Springer},
  year      = {2015}
}

@article{plantlet,
  author    = {Vasily Mikhalev and Frederik Armknecht and Christian M{\"{u}}ller},
  title     = {On Ciphers that Continuously Access the Non-Volatile Key},
  journal   = {{IACR} Trans. Symmetric Cryptol.},
  volume    = {2016},
  number    = {2},
  pages     = {52--79},
  year      = {2016}
}

@article{WangHTLIM17,
  author    = {Qingju Wang and Yonglin Hao and Yosuke Todo and Chaoyun Li and Takanori Isobe and Willi Meier},
  title     = {Improved Division Property Based Cube Attacks Exploiting Algebraic Properties of Superpoly},
  journal   = {CRYPTO 2018},
  note      = {Accepted at CRYPTO 2018, \url{http://eprint.iacr.org/2017/1063}},
  year      = {2018}
}


@misc{gurobi,
  author    = {Gurobi Optimization Inc.},
  title     = {Gurobi Optimizer 6.5},
  howpublished = {Official webpage, \url{http://www.gurobi.com/}},
  year      = {2015},
}

@misc{trivium,
  author = {Christophe De Canni{\`{e}}re and Bart Preneel},
  title = {\textsc{Trivium} Specifications},
  note = {eSTREAM portfolio, Profile 2 (HW).},
  url = {http://www.ecrypt.eu.org/stream/p3ciphers/trivium/trivium_p3.pdf},
  year = {2006}
}

@misc{grain128aead,
  author    = {Martin Hell and Thomas Johansson and Willi Meier and Jonathan S{\"{o}}nnerup and Hirotaka Yoshida},
  title     = {{Grain-128AEAD}: A lightweight {AEAD} stream cipher},
  note      = {Lightweight Cryptography (LWC) Standardization},
  url       = {https://csrc.nist.gov/CSRC/media/Projects/lightweight-cryptography/documents/round-2/spec-doc-rnd2/grain-128aead-spec-round2.pdf},
  year      = {2019}
}
